<?xml version="1.0" encoding="UTF-8"?><collection xmlns="http://www.loc.gov/MARC21/slim"><record><leader>00408nam--2200145-i-4500</leader><controlfield tag="001">000000209</controlfield><controlfield tag="002">20161230</controlfield><controlfield tag="005">20170101234530</controlfield><controlfield tag="008">060222s1000------------r-----000-0-eng-d</controlfield><datafield ind1=" " ind2=" " tag="245"><subfield code="a">Metallic solid solutions. A symposium on their electronic and atomic structure</subfield></datafield><datafield ind1=" " ind2=" " tag="260"><subfield code="a">New York</subfield><subfield code="b">W.A.Benjamin, Inc</subfield></datafield><datafield ind1=" " ind2=" " tag="300"><subfield code="a">XI + /P.Dif.</subfield></datafield><datafield ind1=" " ind2=" " tag="700"><subfield code="a">Guinier, Andre</subfield></datafield><datafield ind1=" " ind2=" " tag="852"><subfield code="a">24677</subfield></datafield><datafield ind1=" " ind2=" " tag="CAT"><subfield code="a">SYS</subfield><subfield code="c">20170101</subfield><subfield code="h">234530</subfield></datafield></record></collection>